<?xml version="1.0" encoding="UTF-8"?><record xmlns="http://www.loc.gov/MARC21/slim" xmlns:cinclude="http://apache.org/cocoon/include/1.0" xmlns:zs="http://www.loc.gov/zing/srw/">
  <leader>00515cz  a2200145n  4500</leader>
  <controlfield tag="001">n  85303321 </controlfield>
  <controlfield tag="003">DLC</controlfield>
  <controlfield tag="005">20080423075158.0</controlfield>
  <controlfield tag="008">860801n| acannaabn          |a ana      </controlfield>
  <datafield tag="010" ind1=" " ind2=" ">
    <subfield code="a">n  85303321 </subfield>
  </datafield>
  <datafield tag="035" ind1=" " ind2=" ">
    <subfield code="a">(OCoLC)oca01759781</subfield>
  </datafield>
  <datafield tag="040" ind1=" " ind2=" ">
    <subfield code="a">DLC</subfield>
    <subfield code="b">eng</subfield>
    <subfield code="c">DLC</subfield>
    <subfield code="d">DLC</subfield>
    <subfield code="d">OCoLC</subfield>
  </datafield>
  <datafield tag="110" ind1="2" ind2=" ">
    <subfield code="a">Svenska lantmännens riksförbund</subfield>
  </datafield>
  <datafield tag="410" ind1="2" ind2=" ">
    <subfield code="a">Swedish Farmer's Supply &amp; Crop Marketing Association</subfield>
  </datafield>
  <datafield tag="670" ind1=" " ind2=" ">
    <subfield code="a">Its Annual report, 1979:</subfield>
    <subfield code="b">t.p. (Svenska lantmännens riksförbund; Swedish Farmer's Supply &amp; Crop Marketing Association)</subfield>
  </datafield>
</record>